%%Linhas de Transmissão
@BOOK{book:lte,
		author = {CAMARGO, C. Celso de Brasil},
		title = {Transmissão de energia elétrica: aspectos fundamentais},
		publisher = {Ed. da UFSC},
		pages = {303},
		year = {2009},
		address = {Florianópolis},
		edition = {4},
		isbn = {9788532804679},
		}

@BOOK{book:equipAT,
		author = {FRONTIN, Sergio de Oliveira},
		title = {Equipamentos de Alta Tensão},
		subtitle = {Prospecção e Hierarquização de Inovações Tecnológicas},
		publisher = {Goya Editora LTDA},
		pages = {934p},
		year = {2013},
		address = {Brasília},
		edition = {1},
		isbn = {9788588041097},
		url={http://institucional.taesa.com.br/site/wp-content/uploads/livro/INOVAEQ_Livro_Completo.pdf},
		}

@BOOK{mamedemanual,
		author = {FILHO, João Mamede},
		title = {Manual de Equipamentos Elétricos},
		publisher = {LTC},
		pages = {685},
		year = {2013},
		address = {Rio de Janeiro},
		edition = {4},
		isbn = {9788521622116},
		}

@BOOK{instElet,
		author = {FILHO, João Mamede},
		title = {Instalacoes eletricas industriais},
		publisher = {LTC},
		pages = {914},
		year = {2007},
		address = {Rio de Janeiro},
		edition = {7},
		isbn = {9788521615200},
		}

@INBOOK{BellSytemHistory,
		author = {S. Millman},
		title = {A History of Engineering and Science in the Bell System, Physical Science},
		publisher = {ATandT Bell Laboratories},
		pages = {413},
		year = {1983},
		address = {University of Michigan},
		edition = {1},
		isbn = {0932764037},
		chapter= {11},
		url={http://etler.com/docs/Books/History/Physical/},
		}

@MANUAL{apuntesmeza,
		author = {MEZA, Obed Renato Jiménez},
		title = {Subestaciones Eléctricas},
		subtitle = {Transformadores de Instrunmento},
		publisher = {UANL},
		pages = {43},
		year = {2014},
		address = {Nuevo León, Mexico},
		edition = {1},
		note = {Apostila},
		url = {http://gama.fime.uanl.mx/~omeza/}
		}


@BOOK{historiasdeluz,
		author = {VIEIRA, Luiz Césare},
		title = {Histórias de Luz},
		subtitle = {Em comemoração aos 60 anos da Celesc},
		publisher = {Officio},
		pages = {248},
		year = {2015},
		address = {Florianópolis},
		edition = {1},
		isbn = {978-85-66582-06-2},
		}

@manual{IEC60038:2002,
	title={IEC Standard Voltages (IEC 60038:2002, IDT)},
	author={Malaysia. Jabatan Standard},
	series={Malaysian standard},
	url={https://books.google.com.br/books?id=kSz0oAEACAAJ},
	year={2006},
	publisher={Jabatan Standard Malaysia}
}

@BOOK{guiaprojetoSE,
		author = {GONÇALVES,Renato Masago},
		title = {Guia de projeto para subestações de alta tensão},
		publisher = {Escola de Engehnaria de São Carlos da Universisdade de São Paulo},
		pages = {245},
		year = {2012},
		address = {São Carlos},
		url={http://www.tcc.sc.usp.br/tce/disponiveis/18/180450/tce-17042013-151031/},
		%edition = {},
		%isbn = {},
		}

@manual{materialhaffner,
		author = {HAFFNER, SERGIO L.},
		title = {Notas de Aula – Distribuição de Energia Elétrica},
		publisher = {UDESC},
		year = {2010},
		address = {Joinville},
		notes={Slides},
		url={http://slhaffner.phpnet.us/},
		}

@manual{materialFabiano,
		author = {ANDRADE, Fabiano F.},
		title = {Notas de Aula - Transmissão e Distribuição de Energia Elétrica},
		publisher = {UDESC},
		%pages = {},
		year = {2014},
		address = {Joinville},
		%edition = {},
		%isbn = {},
		notes={Slides},
		url={http://www.joinville.udesc.br/portal/professores/fabiano/materiais/},
		}

@manual{nt304,
		organization = {Ag{\^e}ncia Nacional de Energia ElÉtrica},
		title = {Norma Técnica nº409},
		subtitle = {Banco de Preços Referenciais: Módulos COnstrutivos},
		pages = {10},
		year = {2010},
		address = {Brasília},
		notes = {Anexo III},
		url = {http://www2.aneel.gov.br/aplicacoes/audiencia/dspListaDetalhe.cfm?attAnoAud=2009&attIdeFasAud=436&id_area=13&attAnoFasAud=2010},
		}

@BOOK{book:EquiElet,
		author = {D'AJUZ, Ary},
		title = {Equipamentos Elétricos},
		subtitle = {especificação e aplicação em subestações de alta tensão},
		publisher = {Furnas},
		pages = {300},
		year = {1985},
		address = {Rio de Janeiro},
		edition = {1},
		}

@BOOK{book:TransitElet,
		author = {D'AJUZ, Ary},
		title = {Transitórios Elétricos e Coordenação de Isolamento},
		subtitle = {aplicação em sistemas de potência de alta tensão},
		publisher = {UFF},
		pages = {435},
		year = {1987},
		address = {Niteroi},
		edition = {1},
		}


%@BOOK{nomedolabel,
%		author = {},
%		title = {},
%		publisher = {},
%		pages = {},
%		year = {},
%		address = {},
%		edition = {},
%		isbn = {},
%		}